<?xml version="1.0" encoding="utf-8"?>
<record xmlns="http://www.loc.gov/MARC21/slim" xmlns:xsi="http://www.w3.org/2001/XMLSchema-instance" xsi:schemaLocation="http://www.loc.gov/MARC21/slim http://www.loc.gov/standards/marcxml/schema/MARC21slim.xsd">
	<leader>     nam a22     Mi 4500</leader>
	<controlfield tag="001">b12487077</controlfield>
	<controlfield tag="003">LeBAU</controlfield>
	<controlfield tag="006">m        d        </controlfield>
	<controlfield tag="007">cr cn |||m|||a</controlfield>
	<controlfield tag="008">200325s1949    ua      ob    ||0 0 ara d</controlfield>
	<datafield ind1=" " ind2=" " tag="040">
		<subfield code="a">ZYU</subfield>
		<subfield code="b">ara</subfield>
		<subfield code="e">rda</subfield>
		<subfield code="c">ZYU</subfield>
	</datafield>
	<datafield ind1="0" ind2="4" tag="082">
		<subfield code="a">492.7</subfield>
		<subfield code="2">23</subfield>
	</datafield>
	<datafield ind1="1" ind2=" " tag="100">
		<subfield code="6">880-01</subfield>
		<subfield code="a">Thaʻlab, Aḥmad ibn Yaḥyá,</subfield>
		<subfield code="d">815-904,</subfield>
		<subfield code="e">author.</subfield>
	</datafield>
	<datafield ind1="1" ind2="0" tag="245">
		<subfield code="6">880-02</subfield>
		<subfield code="a">Hādhā Kitāb al-Faṣīḥ /</subfield>
		<subfield code="c">li-imām al-ʻArabīyah Abī al-ʻAbbās Thaʻlab, al-mutawaffá ʻām 291 H. Wa-sharḥuhu al-Talwīḥ fī sharḥ al-Faṣīḥ / li-Abī Sahl Muḥammad ibn ʻAlī al-Harawī, shaykh al-naḥw wa-al-lughah. Wa-yalīhi Dhayl al-Faṣīḥ / lil-shaykh al-ʻAllāmah Abī Muḥammad ʻAbd al-Laṭīf ibn Yūsuf ibn Muḥammad al-Baghdādī al-Naḥawī, alladhī allafahu ʻām 599 H. Thumma Muqaddimat al-Ishtiqāq al-Kabīr / li-Ibn Durayd, M. 321 H. [Thumma] Shawāhid al-Kitāb / li-Sībawayh, imām al-naḥw wa-al-ʻArabīyah, al-mutawaffá 189 H. Thumma Kitāb Faʻaltu wa-afʻaltu / taʼlīf Abī Isḥāq Ibrāhīm ibn Muḥammad al-Sarī ibn Sahl al-Naḥawī al-Zajjāj M. ʻām 311 H. ; nashr wa-taʻlīq al-Ustādh Muḥammad ʻAbd al-Munʻim Khafājī.</subfield>
	</datafield>
	<datafield ind1="3" ind2="0" tag="246">
		<subfield code="6">880-03</subfield>
		<subfield code="a">Kitāb al-Faṣīḥ</subfield>
	</datafield>
	<datafield ind1="3" ind2="0" tag="246">
		<subfield code="6">880-04</subfield>
		<subfield code="a">Faṣīḥ</subfield>
	</datafield>
	<datafield ind1="1" ind2="3" tag="246">
		<subfield code="6">880-05</subfield>
		<subfield code="a">Faṣīḥ Thaʻlab wa-al-shurūḥ allatī ʻalayh</subfield>
	</datafield>
	<datafield ind1=" " ind2="1" tag="264">
		<subfield code="6">880-06</subfield>
		<subfield code="a">[al-Qāhirah] :</subfield>
		<subfield code="b">[Muḥammad ʻAbd al-Munʻim Khafājī],</subfield>
		<subfield code="c">1949.</subfield>
	</datafield>
	<datafield ind1=" " ind2=" " tag="300">
		<subfield code="6">880-07</subfield>
		<subfield code="a">online resource (b-y, 108, 38, 29, 9, 119, 64 pages)</subfield>
	</datafield>
	<datafield ind1=" " ind2=" " tag="336">
		<subfield code="a">text</subfield>
		<subfield code="2">rdacontent</subfield>
	</datafield>
	<datafield ind1=" " ind2=" " tag="337">
		<subfield code="a">computer</subfield>
		<subfield code="2">rdamedia</subfield>
	</datafield>
	<datafield ind1=" " ind2=" " tag="338">
		<subfield code="a">online resource</subfield>
		<subfield code="2">rdacarrier</subfield>
	</datafield>
	<datafield ind1=" " ind2=" " tag="500">
		<subfield code="a">Part of the Arabic Collections Online (ACO) project, contributed by American University of Beirut's Jafet Memorial Library.</subfield>
	</datafield>
	<datafield ind1=" " ind2=" " tag="533">
		<subfield code="a">Electronic reproduction.</subfield>
		<subfield code="b">New York, N.Y. :</subfield>
		<subfield code="c">New York University,</subfield>
		<subfield code="d">2020.</subfield>
		<subfield code="5">NNU</subfield>
	</datafield>
	<datafield ind1="1" ind2="0" tag="600">
		<subfield code="6">880-08</subfield>
		<subfield code="a">Thaʻlab, Aḥmad ibn Yaḥyá,</subfield>
		<subfield code="d">815-904.</subfield>
		<subfield code="t">Faṣīḥ.</subfield>
	</datafield>
	<datafield ind1=" " ind2="0" tag="650">
		<subfield code="6">880-09</subfield>
		<subfield code="a">Arabic language</subfield>
		<subfield code="x">Grammar</subfield>
		<subfield code="v">Early works to 1800.</subfield>
	</datafield>
	<datafield ind1=" " ind2="0" tag="650">
		<subfield code="6">880-10</subfield>
		<subfield code="a">Arabic language</subfield>
		<subfield code="x">Rhetoric</subfield>
		<subfield code="v">Early works to 1800.</subfield>
	</datafield>
	<datafield ind1=" " ind2="0" tag="650">
		<subfield code="6">880-11</subfield>
		<subfield code="a">Arabic language</subfield>
		<subfield code="x">Lexicology</subfield>
		<subfield code="v">Early works to 1800.</subfield>
	</datafield>
	<datafield ind1="1" ind2="2" tag="700">
		<subfield code="6">880-12</subfield>
		<subfield code="a">Harawī, Muḥammad ibn ʻAlī,</subfield>
		<subfield code="d">982 or 983-1041 or 1042.</subfield>
		<subfield code="t">Talwīḥ fī sharḥ al-faṣīḥ.</subfield>
	</datafield>
	<datafield ind1="1" ind2="2" tag="700">
		<subfield code="6">880-13</subfield>
		<subfield code="a">ʻAbd al-Laṭīf al-Baghdādī, Muwaffaq al-Dīn,</subfield>
		<subfield code="d">1162-1231.</subfield>
		<subfield code="t">Dhayl al-Faṣīḥ.</subfield>
	</datafield>
	<datafield ind1="1" ind2="2" tag="700">
		<subfield code="6">880-14</subfield>
		<subfield code="a">Ibn Durayd, Muḥammad ibn al-Ḥasan,</subfield>
		<subfield code="d">837 or 838-933.</subfield>
		<subfield code="t">Muqaddimat al-Ishtiqāq al-Kabīr.</subfield>
	</datafield>
	<datafield ind1="1" ind2="2" tag="700">
		<subfield code="6">880-15</subfield>
		<subfield code="a">Sībawayh, ʻAmr ibn ʻUthmān,</subfield>
		<subfield code="d">active 8th century.</subfield>
		<subfield code="t">Shawāhid al-Kitāb.</subfield>
	</datafield>
	<datafield ind1="1" ind2="2" tag="700">
		<subfield code="6">880-16</subfield>
		<subfield code="a">Zajjāj, Abū Isḥāq Ibrāhīm ibn al-Sarī,</subfield>
		<subfield code="d">-923.</subfield>
		<subfield code="t">Faʻaltu wa-afʻaltu.</subfield>
	</datafield>
	<datafield ind1="1" ind2=" " tag="700">
		<subfield code="6">880-17</subfield>
		<subfield code="a">Khafājī, Muḥammad ʻAbd al-Munʻim,</subfield>
		<subfield code="e">compiler.</subfield>
	</datafield>
	<datafield ind1="2" ind2=" " tag="710">
		<subfield code="a">Jafet Memorial Library.</subfield>
	</datafield>
	<datafield ind1="0" ind2=" " tag="730">
		<subfield code="a">Arabic Collections Online.</subfield>
	</datafield>
	<datafield ind1="0" ind2="8" tag="776">
		<subfield code="i">Print version:</subfield>
		<subfield code="a">Thaʻlab, Aḥmad ibn Yaḥyá, 815-904, author.</subfield>
		<subfield code="t">Hādhā Kitāb al-Faṣīḥ</subfield>
		<subfield code="w">(LeBAU)b12487077</subfield>
	</datafield>
	<datafield ind1="4" ind2="0" tag="856">
		<subfield code="u">http://hdl.handle.net/2333.1/brv15qcf</subfield>
	</datafield>
	<datafield ind1="1" ind2=" " tag="880">
		<subfield code="6">100-01</subfield>
		<subfield code="a">ثعلب، أحمد بن يحيى،</subfield>
		<subfield code="d">815-904،</subfield>
		<subfield code="e">مؤلف.</subfield>
		<subfield code="4">aut.</subfield>
	</datafield>
	<datafield ind1="1" ind2="0" tag="880">
		<subfield code="6">245-02</subfield>
		<subfield code="a">هذا كتاب الفصيح /</subfield>
		<subfield code="c">لإمام العربية أبي العباس ثعلب، المتوفى عام 291 هـ. وشرحه التلويح في شرح الفصيح / لأبي سهل محمد بن علي الهروي شيخ النحو واللغة. ويليه ذيل الفصيح / للشيخ العلامة أبي محمد عبد اللطيف بن يوسف إبن محمد البغدادي النحوي، الذي ألفه عام 599 هـ. ثم مقدمة الإشتقاق الكبير / لإبن دريد، م. 321 هـ. [ثم] شواهد الكتاب / لسيبويه، امام النحو والعربية، المتوفى 189 هـ. ثم كتاب فعلت وأفعلت / تأليف أبي إسحاق إبراهيم إبن محمد السري بن سهل النحوي الزجاج، م. عام 311 هـ. ؛ نشر وتعليق الأستاذ محمد عبد المنعم خفاجي.</subfield>
	</datafield>
	<datafield ind1="3" ind2="0" tag="880">
		<subfield code="6">246-03</subfield>
		<subfield code="a">كتاب الفصيح</subfield>
	</datafield>
	<datafield ind1="3" ind2="0" tag="880">
		<subfield code="6">246-04</subfield>
		<subfield code="a">الفصيح</subfield>
	</datafield>
	<datafield ind1="1" ind2="3" tag="880">
		<subfield code="6">246-05</subfield>
		<subfield code="a">فصيح ثعلب والشروح التي عليه</subfield>
	</datafield>
	<datafield ind1=" " ind2="1" tag="880">
		<subfield code="6">264-06</subfield>
		<subfield code="a">[القاهرة] :</subfield>
		<subfield code="b">[محمد عبد المنعم خفاجي]،</subfield>
		<subfield code="c">1949.</subfield>
	</datafield>
	<datafield ind1=" " ind2=" " tag="880">
		<subfield code="6">300-07</subfield>
		<subfield code="a">ب-ى، 108، 38، 29، 9، 119، 64 صفحة ؛</subfield>
		<subfield code="c">22 سم</subfield>
	</datafield>
	<datafield ind1=" " ind2=" " tag="880">
		<subfield code="6">504-00</subfield>
		<subfield code="a">يتضمن مراجع ببليوغرافية.</subfield>
	</datafield>
	<datafield ind1=" " ind2=" " tag="880">
		<subfield code="6">588-00</subfield>
		<subfield code="a">تاريخ النشر أخذ من الصفحة الأخيرة.</subfield>
	</datafield>
	<datafield ind1="1" ind2="4" tag="880">
		<subfield code="6">600-08</subfield>
		<subfield code="a">ثعلب، أحمد بن يحيى،</subfield>
		<subfield code="d">815-904.</subfield>
		<subfield code="t">الفصيح.</subfield>
	</datafield>
	<datafield ind1=" " ind2="4" tag="880">
		<subfield code="6">650-09</subfield>
		<subfield code="a">اللغة العربية</subfield>
		<subfield code="x">قواعد</subfield>
		<subfield code="v">اعمال قديمة حتى 1800.</subfield>
	</datafield>
	<datafield ind1=" " ind2="4" tag="880">
		<subfield code="6">650-10</subfield>
		<subfield code="a">اللغة العربية</subfield>
		<subfield code="x">البلاغة</subfield>
		<subfield code="v">اعمال قديمة حتى 1800.</subfield>
	</datafield>
	<datafield ind1=" " ind2="4" tag="880">
		<subfield code="6">650-11</subfield>
		<subfield code="a">اللغة العربية</subfield>
		<subfield code="x">علم المعاجم</subfield>
		<subfield code="v">اعمال قديمة حتى 1800.</subfield>
	</datafield>
	<datafield ind1="1" ind2="2" tag="880">
		<subfield code="6">700-12</subfield>
		<subfield code="a">الهروي، محمد بن علي،</subfield>
		<subfield code="d">982 او 983-1041 او 1042.</subfield>
		<subfield code="t">التلويح في شرح الفصيح.</subfield>
	</datafield>
	<datafield ind1="1" ind2="2" tag="880">
		<subfield code="6">700-13</subfield>
		<subfield code="a">عبد اللطيف البغدادي، موفق الدين،</subfield>
		<subfield code="d">1162-1231.</subfield>
		<subfield code="t">ذيل الفصيح.</subfield>
	</datafield>
	<datafield ind1="1" ind2="2" tag="880">
		<subfield code="6">700-14</subfield>
		<subfield code="a">ابن دريد، محمد بن الحسن،</subfield>
		<subfield code="d">837 او 838-933.</subfield>
		<subfield code="t">مقدمة الإشتقاق الكبير.</subfield>
	</datafield>
	<datafield ind1="1" ind2="2" tag="880">
		<subfield code="6">700-15</subfield>
		<subfield code="a">سيبويه، عمر بن عثمان،</subfield>
		<subfield code="d">اشتهر في القرن 8.</subfield>
		<subfield code="t">شواهد الكتاب.</subfield>
	</datafield>
	<datafield ind1="1" ind2="2" tag="880">
		<subfield code="6">700-16</subfield>
		<subfield code="a">الزجاج، ابو اسحق ابراهيم بن السري،</subfield>
		<subfield code="d">-923.</subfield>
		<subfield code="t">فعلت وأفعلت.</subfield>
	</datafield>
	<datafield ind1="1" ind2=" " tag="880">
		<subfield code="6">700-17</subfield>
		<subfield code="a">خفاجي، محمد عبد المنعم،</subfield>
		<subfield code="e">معد.</subfield>
		<subfield code="4">com.</subfield>
	</datafield>
	<datafield ind1=" " ind2=" " tag="959">
		<subfield code="a">NNU</subfield>
		<subfield code="b">WEB</subfield>
		<subfield code="c">GENI</subfield>
		<subfield code="t">0</subfield>
		<subfield code="m">Electronic access</subfield>
		<subfield code="s">01</subfield>
	</datafield>
	<datafield ind1=" " ind2=" " tag="999">
		<subfield code="i">LeBAU_b12487077</subfield>
		<subfield code="s">aub_aco003344:</subfield>
		<subfield code="e">(ERROR-MISC)</subfield>
		<subfield code="s">aub_aco003344:</subfield>
	</datafield>
</record>
